<?xml version="1.0" encoding="UTF-8"?><collection xmlns="http://www.loc.gov/MARC21/slim"><record><leader>00337nam--2200109-i-4500</leader><controlfield tag="001">000030155</controlfield><controlfield tag="002">20161230</controlfield><controlfield tag="005">20161230201038</controlfield><controlfield tag="008">060222s1000------------r-----000-0-eng-d</controlfield><datafield ind1=" " ind2=" " tag="245"><subfield code="a">Luftungstechnische anlagen. (vdi - luftungsregeln). blatt 2: sonderregeln fur versammlungsraume</subfield></datafield><datafield ind1=" " ind2=" " tag="260"><subfield code="a">Berlin, Beuth.Vertrieb Gmbh, 1946, 3p</subfield></datafield><datafield ind1=" " ind2=" " tag="852"><subfield code="a">13764</subfield></datafield></record></collection>